@article{helal,
	doi	= {10.1007/s00285-013-0732-0},
	title	= {Alzheimer’s disease: analysis of a mathematical model incorporating the role of prions},
	author	= {Helal, Mohamed and Hingant, Erwan and Pujo-Menjouet, Laurent and Webb, Glenn F.},
	publisher	= {Springer},
	journal	= {Journal of Mathematical Biology},
	issnp	= {0303-6812},
	issne	= {1432-1416},
	year	= {2014},
	month	= {11},
	volume	= {69},
	issue	= {5},
	page	= {1207--1235},
	url =       {http://gen.lib.rus.ec/scimag/index.php?s=10.1007/s00285-013-0732-0},
}
@article{puri,
	title={Mathematical modeling for the pathogenesis of Alzheimer's disease},
	author={Puri, Ishwar K and Li, Liwu},
	journal={PLoS One},
	volume={5},
	number={12},
	pages={e15176},
	year={2010},
	publisher={Public Library of Science}
}
@article{hao,
	title={Mathematical model on Alzheimer’s disease},
	author={Hao, Wenrui and Friedman, Avner},
	journal={BMC systems biology},
	volume={10},
	number={1},
	pages={108},
	year={2016},
	publisher={BioMed Central}
}
@article{bertsch,
	title={Alzheimer's disease: a mathematical model for onset and progression},
	author={Bertsch, Michiel and Franchi, Bruno and Marcello, Norina and Tesi, Maria Carla and Tosin, Andrea},
	journal={Mathematical medicine and biology: a journal of the IMA},
	volume={34},
	number={2},
	pages={193--214},
	year={2016},
	publisher={Oxford University Press}
}
